@inproceedings{kolmogorov_computing_2001,
	title = {Computing visual correspondence with occlusions using graph cuts},
	volume = {2},
	booktitle = {Eighth {IEEE} {International} {Conference} on {Computer} {Vision}, 2001. {ICCV} 2001. {Proceedings}},
	author = {Kolmogorov, V. and Zabih, R.},
	year = {2001},
	pages = {508--515 vol.2},
}

@article{boykov_experimental_2004,
	title = {An experimental comparison of min-cut/max- flow algorithms for energy minimization in vision},
	volume = {26},
	number = {9},
	journal = {IEEE Transactions on Pattern Analysis and Machine Intelligence},
	author = {Boykov, Y. and Kolmogorov, V.},
	year = {2004},
	pages = {1124--1137},
}

@article{frigessi_parameter_1990,
	title = {Parameter estimation for two-dimensional ising fields corrupted by noise},
	volume = {34},
	number = {2},
	journal = {Stochastic Processes and their Applications},
	author = {Frigessi, Arnoldo and Piccioni, Mauro},
	year = {1990},
	pages = {297--311},
}

@article{johansson_square_2003,
	title = {Square summability of variations of {$g$}-functions and uniqueness of {$g$}-measures},
	volume = {10},
	number = {5},
	journal = {Mathematical Research Letters},
	author = {Johansson, Anders and Öberg, Anders},
	year = {2003},
	pages = {587--601},
}

@article{kolmogorov_what_2004,
	title = {What energy functions can be minimized via graph cuts?},
	volume = {26},
	number = {2},
	journal = {IEEE Transactions on Pattern Analysis and Machine Intelligence},
	author = {Kolmogorov, V. and Zabin, R.},
	year = {2004},
	pages = {147--159},
}

@article{cessac_discrete_2010,
	title = {A discrete time neural network model with spiking neurons: {II}: {Dynamics} with noise},
	volume = {62},
	number = {6},
	journal = {Journal of Mathematical Biology},
	author = {Cessac, Bruno},
	year = {2010},
	pages = {863--900},
}

@article{cessac_statistics_2011,
	title = {Statistics of spike trains in conductance-based neural networks: {Rigorous} results},
	volume = {1},
	number = {1},
	journal = {The Journal of Mathematical Neuroscience},
	author = {Cessac, Bruno},
	year = {2011},
	pages = {8},
}

@article{ferrari_reconstruction_2001,
	title = {Reconstruction of {Gray}-{Scale} {Images}},
	volume = {3},
	number = {3},
	journal = {Methodology And Computing In Applied Probability},
	author = {Ferrari, Pablo A. and Gubitoso, Marco D. and Neves, E. Jordão},
	year = {2001},
	pages = {255--270},
}

@article{ledrappier_principe_1974,
	title = {Principe variationnel et systèmes dynamiques symboliques},
	volume = {30},
	number = {3},
	journal = {Zeitschrift für Wahrscheinlichkeitstheorie und Verwandte Gebiete},
	author = {Ledrappier, FranÇois},
	year = {1974},
	pages = {185--202},
}

@article{keane_strongly_1972,
	title = {Strongly mixingg-measures},
	volume = {16},
	number = {4},
	journal = {Inventiones mathematicae},
	author = {Keane, Michael},
	year = {1972},
	pages = {309--324},
}

@article{walters_ruelles_1975,
	title = {Ruelle’s operator theorem and ��-measures},
	volume = {214},
	journal = {Transactions of the American Mathematical Society},
	author = {Walters, Peter},
	year = {1975},
	pages = {375--387},
}

@incollection{stenflo_uniqueness_2002,
	series = {The {IMA} {Volumes} in {Mathematics} and its {Application}},
	title = {Uniqueness of {Invariant} {Measures} for {Place}-{Dependent} {Random} {Iterations} of {Functions}},
	booktitle = {Fractals in {Multimedia}},
	publisher = {Springer, New York, NY},
	author = {Stenflo, Örjan},
	year = {2002},
	pages = {13--32},
}

@book{keller_equilibrium_1998,
	author = {Keller, Gerhard},
	title = {Equilibrium {States} in {Ergodic} {Theory}},
	isbn = {978-0-521-59534-6},
	language = {en},
	publisher = {Cambridge University Press},
	year = {1998}
}